2454 4252
126 338 180 395 teu
189 213 538 407 nraiuffithLrandde
545 212 675 397 (going
694 215 1103 413 ragnoldsedimptattrs,
1176 322 1189 341 ’

126 414 391 506 inimaginibus
406 438 458 487 tao
466 408 677 504 adsumpserat,
696 344 1195 510 excerpemadmeceaaoitffi

126 521 208 587 tiens
219 512 374 605 Bigotim‚
396 510 484 582 deam
498 504 640 591 illudsna
652 511 782 592 Gallia,
806 520 860 608 qui
874 530 967 584 natm
981 513 1025 607 est
1037 522 1189 593 ornandis

124 612 246 692 beris,
270 606 444 707 illsntm'que
459 606 612 679 conandae
627 655 638 689 ,
684 615 717 678 ui
728 620 762 681 in
777 630 846 678 arte
861 607 966 709 aliqua
982 618 1102 709 egregia
1116 617 1188 692 ilir-

26 788 29 793 ,
116 710 253 804 stranda
276 705 461 788 elaborem,
482 725 611 802 promor
668 712 704 777 is.
750 709 818 777 Har
837 709 946 778 Guieti
963 734 1054 782 curas
1085 712 1187 814 (quat

126 815 202 882 noui
223 828 300 878 rmao
314 810 342 873 ei
346 797 467 895 fisiffe,
499 804 725 900 &postrenum
740 804 880 875 idearum
900 854 912 888 ,
936 828 1027 902 quem
1047 815 1186 894 evolvit,

100 918 102 925 '
127 926 293 1001 autequam
307 904 341 973 in
347 897 485 992 fatalem
499 901 630 972 morbum
644 900 806 984 incideret,
828 907 874 983 is,
898 909 946 974 oui
959 929 1012 978 eat
1028 903 1183 989 debemus,

125 1003 207 1074 nobis
224 998 418 1094 confirmauit
436 998 594 1093 Bigotius)
616 996 809 1092 fimaturim
824 998 990 1093 nidrffem,
1021 1003 1182 1080 corrediior

124 1101 185 1170 hnc
200 1098 287 1170 editio
302 1121 360 1169 teon
375 1120 435 1169 uno
451 1102 484 1168 in
497 1094 724 1192 locoprodirffet.
774 1096 833 1168 Sed
847 1123 914 1171 eum
929 1098 1006 1172 mihi
1019 1102 1180 1176 traderen-

123 1216 177 1269 tm
186 1202 260 1290 jam
271 1199 412 1269 monimo
417 1212 495 1290 pars
509 1193 640 1289 Hefiodei
654 1200 766 1292 operis,
791 1217 984 1294 mearmnque
998 1202 1036 1270 in
1048 1200 1180 1275 idirco·

124 1294 293 1385 beatiorum
318 1313 386 1364 erat
404 1288 564 1388 profligata
595 1292 635 1373 ρῖ
656 1289 799 1390 descripta
827 1298 928 1388 typis:
961 1317 1126 1395 arteque
1145 1306 1177 1377 in

127 1392 215 1488 E’gna
225 1386 634 1487 seripserommtnAspidem
647 1397 758 1462 omnia.
805 1392 1178 1470 iteneronticuteanm-

125 1509 213 1570 tore,
232 1495 265 1560 in
276 1489 384 1587 quidm
395 1487 495 1585 postea
509 1494 613 1559 virum
635 1489 719 1560 illum
732 1496 875 1582 egregium
888 1512 1000 1562 mecum
1012 1501 1047 1564 in
1062 1490 1188 1585 eofiiem.

122 1592 309 1679 ouguamnes
325 1586 366 1667 (τ
379 1587 594 1658 emendationes
605 1583 734 1678 incidiffe
747 1585 939 1681 deprehendi,
962 1588 1179 1689 tte-qreisfitspi·

124 1704 209 1755 cetur
225 1690 291 1777 mus
307 1709 352 1755 me
370 1680 531 1780 tmepiIaffe
557 1690 662 1755 orinia.
708 1683 837 1753 Norunt
849 1682 937 1754 multi
950 1687 1034 1779 apud
1046 1695 1180 1760 tresviri

123 1779 227 1862 dotti,
258 1781 372 1851 dudum
393 1786 465 1850 meir
488 1782 524 1850 ab
534 1779 737 1850 avertendus
756 1782 897 1852 nltimam
907 1777 997 1874 fieiffe
1010 1785 1178 1882 mansitant

122 1900 266 1953 manum,
289 1897 324 1948 ut
336 1878 415 1947 nihil
417 1875 481 1972 post
490 1879 548 1947 hee
558 1883 595 1947 iis
610 1877 756 1969 nocefferit
763 1925 775 1961 ,
800 1880 1067 1953 eanuietiliber
1079 1880 1177 1955 adme

117 1971 321 2075 pensaretur,
344 1980 489 2072 quamuis
498 1974 781 2070 posteaperlrorum
794 1995 976 2071 nnuman,
1048 1978 1174 2052 'iutue-

74 2120 77 2126 ·
123 2095 261 2153 namur,
284 2068 439 2144 diritatem
454 2078 675 2143 intervenerint
685 2119 697 2152 ,
721 2096 785 2172 qua
793 2091 877 2168 pane
890 2073 972 2165 confr
1005 2100 1061 2148 am
1072 2077 1177 2151 editio·

122 2194 193 2243 uem
212 2168 266 2240 diu
284 2169 494 2241 retardarunt.
528 2169 592 2264 Ista
608 2168 801 2263 prafixeram
818 2169 939 2241 editioni
953 2187 1089 2267 prima,
1113 2200 1175 2273 qua

124 2269 210 2364 apud
229 2267 389 2337 Danielem
408 2267 604 2337 Eizevirium
625 2265 740 2362 prodit
768 2292 847 2339 anno
874 2289 939 2339 cm
965 2293 1173 2355 mcum,

124 2389 220 2463 quom
232 2371 338 2443 etiam,
351 2384 385 2433 ut
397 2388 464 2434 eom
478 2384 543 2433 tum
555 2387 756 2437 correxeram,
774 2385 838 2435 tam
850 2371 884 2434 in
897 2368 1025 2446 Grecis,
1034 2393 1129 2464 quom
1140 2374 1173 2441 in

123 2468 242 2533 Latina
253 2458 401 2547 verdone,
415 2461 513 2551 secuti
520 2455 598 2548 firm
610 2464 795 2554 Huguetani.
832 2463 872 2534 In
890 2464 948 2536 hac
958 2462 1098 2552 secunda
1109 2466 1171 2538 edi.

122 2569 232 2637 tione,
263 2582 357 2656 quam
373 2558 469 2630 denno
483 2555 632 2646 recensui,
664 2559 706 2638 (Ἰ
723 2560 823 2631 multis
843 2564 876 2629 in
899 2559 971 2629 locis
993 2563 1153 2634 emendavi
1158 2610 1170 2646 ,

122 2651 268 2747 ufitssum
282 2680 377 2727 manu
393 2677 522 2728 exoratu
535 2656 608 2725 dibre
624 2661 658 2726 in
667 2653 798 2751 Ε’ςγοις,
821 2652 954 2751 quisane
967 2660 1045 2728 mihi
1052 2655 1170 2755 prmirit

122 2777 363 2850 nonnunquam,
402 2773 438 2823 ut
457 2753 498 2832 θ
517 2752 643 2823 editione
656 2753 770 2825 Iseneta
795 2749 1180 2845 Francrfiifliimautlli5

121 2876 188 2949 qna
199 2850 314 2945 prodiit
332 2875 411 2920 anno
434 2873 497 2921 nt)
513 2871 673 2921 xxxvn.
697 2857 783 2941 ornus
804 2852 989 2943 marginibus
1012 2853 1166 2925 mnnuilat

120 2949 329 3020 adnotationes
346 2950 466 3034 Graan
483 2943 679 3041 adscripserat
701 2972 740 3017 ex
759 2953 898 3045 antiquis
911 2944 1036 3034 scholiis
1051 2951 1166 3020 erudita

120 3070 231 3118 nearrus
248 3092 258 3125 ,
289 3051 339 3116 cui
349 3041 472 3140 accepta
486 3041 593 3137 referes
607 3046 751 3118 mansella
764 3050 798 3116 in
809 3041 1005 3121 Letitormo
1021 3053 1095 3120 meis
1107 3071 1166 3128 nou

120 3143 348 3217 contemnendo.
381 3144 467 3217 Vide.
843 3180 846 3187 ¹
