2454 4252
140 703 652 797 HESIODI
728 704 1029 802 VITA.

237 933 308 1017 Ex
335 930 439 1014 Lilii
456 931 635 1040 Gyrald,
662 935 710 1016 de
726 933 936 1023 Poetarum

353 1041 548 1150 Hssaria,
576 1044 749 1157 Dialago
774 1045 832 1126 ΙΙ.

162 1256 191 1326 E
208 1255 361 1326 Homero
381 1250 450 1345 jam
470 1247 556 1324 satis.
604 1251 639 1324 A
656 1272 727 1346 quo
739 1272 808 1325 non
824 1254 925 1352 longe
940 1255 1050 1332 abfuit
1062 1261 1107 1335 se.

160 1373 250 1433 nex,
278 1345 440 1423 tullicanl
454 1345 640 1444 agrestique
652 1346 747 1421 facie.
794 1353 1027 1448 Jamdudurn‚
1056 1360 1107 1430 in·

61 1448 138 1543 quit
154 1447 258 1530 Piso,
287 1445 472 1537 Hesrodum
488 1445 596 1526 ¹nobis
625 1441 730 1518 affers.
778 1447 914 1541 Ipsum.
950 1452 1108 1549 inquam,

61 1542 219 1644 profesio
230 1543 415 1618 Hesiodum
434 1589 445 1625 ,
474 1565 577 1637 quern
590 1545 750 1638 &aliquo
767 1561 919 1641 tempore
938 1573 1015 1622 curn
1029 1555 1107 1623 Ho-

59 1665 154 1715 mero
168 1638 312 1713 floruisse
323 1637 468 1715 accurati
482 1638 620 1736 quidam
634 1639 812 1735 prodidere
832 1643 1024 1740 scriptores,
1048 1649 1107 1722 ali.

59 1739 142 1814 cubi
157 1738 234 1812 licet
246 1738 367 1811 Cicero
382 1735 492 1810 noster
504 1741 690 1808 Homerum
702 1741 801 1833 longe
820 1734 920 1828 faciat
936 1744 1107 1838 antiquio·

61 1861 148 1910 rum.
196 1840 305 1909 Vetus
319 1831 410 1907 certe
426 1831 624 1930 disceptatio
641 1834 728 1906 inter
742 1839 1009 1922 Grammaticos,
1022 1844 1105 1915 Gel-

59 1934 286 2008 lio&Seneca
298 1939 331 2004 dc
344 1927 497 2006 Pausania
511 1930 668 2015 testibus,
691 1952 765 2004 utet
779 1952 871 2006 attare
891 1935 1103 2030 praecesserit:

60 2053 130 2128 qua
148 2029 191 2102 de
205 2052 240 2101 re
254 2029 453 2122 &dialogos
473 2028 561 2101 duos
581 2029 745 2102 Ponticus
762 2033 952 2105 Heraclides
964 2035 1104 2131 scripsit,

58 2137 94 2201 dc
110 2126 258 2226 Cytillus
274 2125 358 2198 libro
370 2125 480 2221 primo
495 2126 970 2222 contraJulianumCaesarem,
992 2154 1105 2207 cente·
1197 2160 1201 2178 ⁸

59 2226 161 2303 fimo,
184 2223 310 2319 inquit,
336 2247 398 2293 rx.
412 2228 446 2292 δι
462 2223 585 2318 quinto
599 2244 692 2296 anno
707 2223 782 2320 post
798 2245 934 2322 captam
947 2230 1103 2315 Troiam,

59 2325 248 2396 Homerum
261 2327 294 2391 de
311 2318 496 2392 Hesiodum
511 2316 603 2392 fuisse
626 2319 770 2399 dicunt,
790 2330 822 2394 δι
835 2324 967 2420 reliqua.
1014 2332 1103 2402 Tum

58 2415 172 2516 paullb
193 2414 269 2512 pbst
283 2416 399 2488 'subdit
418 2416 508 2489 idem
526 2417 672 2514 Cyrillus
692 2446 702 2488 a
733 2419 889 2490 Tradunt
908 2442 1020 2494 autem
1032 2425 1105 2520 qui·

38 2590 41 2600 ,
58 2515 168 2596 dam,
195 2512 293 2605 qubd
304 2519 474 2584 Homerus
489 2536 560 2583 non
576 2511 641 2585 fuit
653 2533 842 2587 coaetaneus
855 2518 1018 2600 Hesrodi,
1048 2519 1104 2593 sed

58 2611 177 2695 inillis
196 2607 300 2681 fuerit
322 2609 563 2702 temporibus,
585 2609 812 2702 'regnantibus
833 2614 923 2705 apud
945 2614 1105 2690 Hebraeos

59 2707 179 2783 Azaria
196 2713 229 2778 δι
242 2707 348 2788 Ozia,
372 2702 599 2800 apud-Medos
613 2704 764 2786 Arbace,
786 2709 876 2800 apud
888 2709 1025 2785 Latinos
1042 2737 1103 2786 au·

59 2803 390 2900 temPtocaSylvio.
413 2818 493 2875 ante
510 2799 632 2874 scilicet
642 2800 918 2877 constitutionem
926 2810 1103 2906 Olympia.

59 2903 158 2976 dum.
204 2909 287 2994 Quat
300 2897 379 2973 clun
393 2898 544 2972 dixissem
562 2920 663 2984 ,nos
683 2945 693 2978 ‚
719 2901 832 2993 inquit
846 2903 936 2984 Piso,
958 2902 1104 2979 summo·

57 3023 137 3096 pere
148 3021 286 3073 avernus
301 3001 344 3071 de
359 3015 393 3069 te
407 2996 522 3071 audite
537 3046 548 3076 ‚
581 3020 656 3092 quae
671 3016 708 3069 tu
720 2995 844 3070 allidud
860 3001 999 3075 ledlione
1013 3001 1107 3103 super

58 3100 123 3170 hac
136 3119 173 3169 re
186 3095 427 3169 annotaveris
458 3094 598 3187 Quibus
611 3116 699 3190 ego.
717 3095 858 3167 libenter
869 3097 912 3168 stc
924 3121 1039 3192 agam,
1054 3104 1105 3174 in·

58 3215 183 3290 quam,
206 3195 346 3288 remque
362 3192 442 3266 ided
452 3194 553 3266 altius
566 3189 737 3286 aliquanto
754 3213 912 3285 repetam.
947 3197 1105 3295 Porphy-

59 3292 131 3364 rius
152 3291 240 3362 enim
255 3290 452 3384 &plerique
468 3288 545 3368 alii,
575 3289 756 3362 Hesrodum
771 3291 924 3363 Homero
936 3291 1104 3380 juniorem

59 3387 160 3460 annis
176 3407 311 3459 centum
324 3385 469 3467 faciunt,
492 3405 595 3478 atque
608 3405 686 3458 ante
697 3386 840 3480 primam
851 3391 1104 3485 Olympiadem.

60 3484 182 3583 Quam
195 3483 389 3580 opinionem
404 3483 492 3577 sequi
504 3483 635 3557 videtur
653 3483 783 3554 Solinus
798 3529 809 3562 .
836 3486 895 3579 qui
915 3487 962 3560 ita
974 3486 1106 3561 scribit:

54 3586 154 3655 Inter
166 3584 350 3654 Homerum
366 3588 399 3652 δι
413 3579 599 3652 Hefiodutn
617 3587 755 3654 Poetam
773 3627 784 3659 ‚
820 3583 881 3693 qui
897 3584 930 3656 in
950 3585 1107 3680 auspiciis

54 3676 275 3784 Olympiadis
288 3677 514 3776 ptimaeobiin
539 3696 677 3754 centurn
689 3699 764 3750 xxx.
778 3699 858 3753 anna
870 3677 1105 3824 mtersuetupp
