2454 4252
375 151 935 265 neuton-ero:
1075 222 1121 255 „

123 274 210 383 'tibi‘
227 267 392 387 etiam,
432 284 479 371 δὲ
496 266 717 399 'aliisjac
739 343 756 386 ,
792 264 956 369 liin'ea
977 260 1208 399 ἰζὶῶαι14’

126 410 413 526 reassumit,
460 406 639 545 posteiis
663 406 960 549 quoquehoc
984 402 1040 506 srt
1064 406 1187 509 testa·

126 589 265 671 turn,
313 545 799 681 dudumrsummopere
833 543 990 646 studui.
1059 543 1187 649 Nihil

126 693 241 805 mihi
263 680 486 809 honestius
509 687 590 785 esse
611 689 780 821 potest,
805 712 955 826 ¹quam
981 722 1008 782 a
1031 717 1075 785 te
1095 720 1185 789 tan-

129 866 186 932 tae
216 828 435 964 dignitatis
471 843 516 924 δι
535 820 759 936 dodirinae
786 818 899 931 Viro
935 861 1033 922 non
1067 821 1184 962 diligi
1222 946 1224 951 Ι

129 1001 304 1070 tantum
317 1037 337 1082 ,
371 962 441 1063 sed
465 983 510 1065 δι
528 958 587 1064 src
604 973 770 1079 ornari,
810 997 859 1061 ut
875 1001 948 1061 me
967 960 1089 1101 apud
1109 974 1185 1099 pri-

128 1115 293 1237 marios
313 1113 429 1206 viros
452 1113 500 1204 in
521 1088 654 1240 gratia
677 1099 864 1242 posueris
884 1174 900 1217 ,
938 1098 1068 1240 quod
1089 1100 1184 1237 pro·

130 1242 228 1345 lixae
263 1280 346 1346 tuae
380 1238 670 1381 beneficaque
713 1279 878 1359 natura
910 1235 1184 1339 certilstmum

131 1388 194 1486 est
222 1414 549 1523 argumentum.
592 1456 595 1461 -
624 1377 721 1483 Nisi
755 1379 848 1479 haec
888 1402 1007 1480 tanta
1037 1388 1113 1480 tua
1143 1389 1184 1478 in

132 1561 210 1624 me
231 1532 384 1622 merita
401 1518 678 1656 praedicarem
700 1519 814 1657 apud
833 1554 1011 1635 omnes,
1038 1538 1085 1618 δι
1101 1553 1184 1616 tan-

133 1670 168 1758 ti
188 1699 236 1759 ea
258 1659 370 1760 mihi
394 1657 500 1776 smt,
539 1669 690 1799 quanti
709 1696 806 1796 qua
830 1668 1010 1759 maximi
1029 1654 1185 1754 facien

133 1795 190 1896 da
216 1797 311 1896 sunt
337 1798 627 1914 hominibus,
674 1835 742 1896 nae
766 1835 850 1935 ego
869 1832 943 1896 aut
968 1790 1187 1934 ingratissi-

135 1973 243 2037 mus.
261 1937 387 2035 essem
419 1933 710 2055 mortalium,
756 1975 829 2037 aut
854 1931 1186 2074 stupidissimus,

134 2071 342 2212 indignus
375 2073 487 2177 certe
524 2074 862 2194 benevolentia,
906 2114 1048 2214 quarn
1086 2071 1187 2173 mihi

135 2211 265 2313 nullo
283 2255 387 2316 meo
402 2208 662 2353 provocatus
676 2215 1078 2354 officiopraestitisti.
1114 2208 1188 2312 Sed

129 2347 243 2452 'licet
256 2388 464 2454 metanto
479 2389 557 2453 tuo
570 2352 714 2453 studio
726 2358 804 2454 tibi
823 2394 917 2456 non
930 2353 1187 2467 devinxisset,

139 2489 336 2594 mirifica:
345 2528 496 2594 tamen
511 2490 593 2593 illa
607 2504 670 2594 tui
682 2505 844 2632 ingenii
858 2493 1075 2595 suavitates
1084 2568 1099 2611 ,
1118 2487 1188 2592 ele-

135 2643 431 2769 gantiavitae,
470 2671 651 2733 morum
674 2644 918 2772 integritas,
957 2638 1189 2774 prestantia

138 2769 419 2890 eruditionis,
457 2779 561 2871 resti
575 2772 628 2873 de
638 2771 935 2874 dodirinarum
951 2772 1095 2874 studiis
1105 2771 1189 2871 sen·

135 2907 230 3026 sus,
249 2907 463 3010 sincerum
484 2932 529 3012 δε
544 2909 691 3011 subtile
704 2912 946 3039 judicium,
966 2923 1040 3015 cui
1059 2921 1189 3012 inanis

140 3046 398 3150 eruditionis
415 3047 572 3150 fucosae
593 3051 828 3154 venditatio
847 3091 941 3152 non
962 3047 1095 3190 possit
1112 3062 1189 3151 im·

99 3274 102 3279 .
144 3223 345 3321 ponere,
400 3187 504 3287 hinc
570 3185 661 3289 uod
691 3192 768 3293 tibi
802 3195 1012 3329 probatur
1049 3200 1190 3290 omni·

100 3397 103 3403 -
146 3325 235 3450 >bus
261 3329 320 3426 est
346 3228 729 3463 probatissimum,
778 3351 822 3432 δι
852 3331 977 3469 quod
1002 3368 1051 3433 tu
1078 3329 1192 3431 dam-

146 3498 223 3561 nas
234 3537 250 3580 ,
288 3475 520 3599 omnium,
559 3466 714 3609 quide
740 3467 803 3568 his
824 3468 970 3570 litteris
992 3464 1093 3572 vere
1109 3466 1195 3608 pos-

144 3598 244 3742 sunt
266 3608 502 3722 eristimare
526 3681 541 3729 ,
585 3606 756 3751 caleulis
780 3607 1040 3719 damnatum
1070 3608 1197 3719 habe-

99 3788 102 3793 ·
1108 3785 1195 3871 tur,
