2454 4252
98 305 1146 625 tentatorem

151 868 154 874 Ι
280 765 457 838 ncnc
503 764 985 843 ccnarcccmo
1059 729 1060 733 ‘

96 981 683 1084 contremuere
717 963 1144 1106 Voconium

153 1168 1087 1337 GtaecarumLitterarumProfessori&interpreti

436 1485 441 1490 k
552 1428 584 1498 S.
646 1431 690 1501 D.

104 1730 106 1736 Ι
245 1572 983 1706 'communimus

183 1866 241 1958 ¹On
251 1867 369 1956 ignorat
381 1910 393 1946 ,
414 1864 470 1938 Vir
482 1864 648 1962 Clarrffime
661 1911 673 1948 ,
694 1864 853 1961 Hessodum
867 1870 978 1960 majori
989 1867 1057 1939 olim
1063 1864 1139 1960 for·

191 1960 241 2032 md
262 1961 372 2033 editum
392 1962 413 2032 d
434 1965 516 2036 nuta
525 1962 642 2058 finffe:
669 1968 703 2034 in
726 1987 789 2060 qna
808 1983 924 2036 veteres
943 1966 1041 2037 Poe'ta
1057 1967 1137 2038 idios

95 2058 269 2151 interpretes
288 2065 545 2152 conjunxeramm.
592 2063 671 2155 Qua
689 2065 723 2133 in
742 2084 777 2130 rc
788 2062 967 2158 preclaram
979 2061 1001 2132 d
1013 2082 1043 2133 te
1057 2064 1138 2134 nobis

58 2202 59 2205 ,
92 2169 210 2248 operam
225 2175 378 2231 navatam
391 2165 520 2230 memini.
568 2158 700 2252 Joannis
714 2163 794 2228 enim
803 2147 955 2239 Tnctna,
968 2161 1141 2231 Gramma·

91 2257 145 2320 tici
160 2276 218 2324 non
224 2254 318 2349 plani
333 2256 535 2328 contemnendi
550 2309 560 2344 ,
577 2253 685 2351 gloffau
700 2255 858 2353 aliquanto
871 2252 1048 2338 aridiores,
1070 2255 1139 2352 fin·

89 2348 192 2440 gulari
210 2352 348 2448 quadam
370 2354 562 2427 humanitate
591 2354 674 2427 nobit
686 2349 747 2449 ficp
767 2353 948 2426 editaverao.
994 2355 1142 2426 Dedera-

93 2468 162 2515 mus
177 2467 277 2518 antem
288 2469 405 2546 operam
417 2471 484 2523 tum
499 2458 658 2547 temporis,
671 2533 674 2539 ¹
686 2469 722 2522 ut
743 2449 918 2545 noviffimus
933 2450 974 2529 (7
984 2475 1059 2522 auro
1070 2475 1140 2521 con·

93 2559 146 2610 tra
163 2566 221 2612 non
235 2569 335 2622 caros,
357 2550 486 2640 Operum
496 2548 674 2628 &Dierum
685 2545 794 2617 libellos
803 2548 1036 2628 illustraremus.-
1080 2548 1140 2618 uod

92 2642 129 2707 in
144 2639 182 2708 in
196 2639 316 2734 vestigia
332 2649 440 2710 utteris
456 2642 536 2713 illim
541 2640 737 2734 scanidiffcma
743 2638 927 2736 Philosophia
937 2645 1032 2744 primi
1043 2572 1140 2736 odser·

94 2733 179 2826 vaffe
191 2737 272 2808 nobis
285 2737 458 2809 videremur
471 2785 484 2820 ,
512 2760 607 2835 quam
622 2735 861 2834 Pythagoras&
875 2738 964 2809 Plato
973 2739 1074 2835 postca
1087 2767 1140 2813 ex·

93 2836 255 2906 coluerunt.
305 2836 448 2929 Quarto
462 2836 638 2931 itagtata,
666 2853 779 2933 utpote
789 2840 822 2906 in
836 2832 1012 2927 adolescente
1024 2866 1039 2920 ¹,
1060 2845 1139 2910 viris

93 2936 236 3004 maximis
257 2951 323 3004 tum
332 2928 425 3021 fait}
442 2953 491 3006 -ut
510 2956 604 3032 qnam
624 2927 819 3025 exscribendi
827 2957 933 3027 gmere
949 2953 1139 3032 extempora-

94 3056 147 3103 neo
166 3076 179 3111 ‚
206 3053 299 3127 neque
311 3029 489 3113 elaborato,
511 3025 788 3128 nesprtaverarnns
800 3030 943 3126 quidem,
971 3055 1038 3102 eom
1056 3033 1139 3105 nobis

92 3135 139 3198 ita
154 3125 303 3199 cninulatd
316 3126 434 3199 landem
448 3128 635 3210 tribuerent,
657 3146 694 3200 ott
710 3127 869 3199 admittere
881 3150 950 3198 eam
964 3129 1141 3223 velputidi·

92 3245 141 3298 tau
157 3225 211 3297 vel
218 3248 303 3297 mera
318 3221 384 3317 effet
395 3224 639 3297 inverecundia:
670 3222 901 3322 quidpntarent
916 3248 1000 3297 nova
1016 3224 1067 3319 effe
1078 3252 1139 3298 om·

93 3328 171 3403 nia,
190 3319 249 3413 sed
268 3347 333 3421 qun
356 3322 557 3423 antiqaiffimo
569 3317 710 3416 scriptori
729 3321 801 3392 lucis
820 3320 1026 3417 handparnm
1039 3321 1140 3417 adfer·

93 3439 172 3489 rent.
216 3419 293 3492 com
309 3440 411 3492 antem
425 3428 533 3492 iterum
547 3425 659 3492 minore
675 3413 820 3514 hacfacie
833 3465 845 3500 ‚
857 3418 923 3516 stne
939 3439 1077 3492 veterum
1092 3428 1141 3494 in-

93 3514 545 3611 terpretatione‚iIeſsodumsub
551 3515 678 3612 pradum
692 3535 867 3586 revocarent
873 3533 965 3611 opera
974 3564 985 3599 ‚
991 3515 1057 3608 feci
1062 3517 1144 3616 quod

83 3613 237 3710 petebant.
283 3615 444 3710 Verssonem
456 3615 584 3687 alionum
601 3617 737 3685 correxi:
761 3612 899 3710 quadam
914 3621 1006 3684 etiam
1024 3620 1059 3685 in
1070 3621 1144 3687 meis

90 3708 261 3786 emendavi.
310 3717 349 3786 In
369 3711 477 3812 quibus
494 3711 627 3808 nonfine
641 3707 839 3787 admiratione
854 3710 995 3812 quadam
1011 3717 1144 3806 repperi,
1189 3808 1198 3822 ,

1077 3832 1143 3907 qua
