2454 4252
165 250 167 255 .
330 164 375 249 D
401 160 440 245 E
466 161 506 245 D
534 161 555 247 1
580 162 622 246 C
651 165 690 246 A
715 161 758 245 T
782 162 805 245 I
829 165 887 249 0.

80 276 193 397 fur}
227 272 308 418 qui
333 272 451 375 ‘nihil
465 268 469 276 ’
483 271 556 373 das
593 282 764 414 gratia,
781 320 785 327 ·
800 273 910 375 nihil
938 274 1139 377 'odio-ant

72 415 338 556 'eupiditati,
378 454 453 515 me
471 411 527 513 ad
552 449 594 515 te
613 396 852 514 c'olendurn
877 412 1140 516 inflammas·

87 555 189 658 sent.
311 564 357 654 ui
392 563 509 655 enim
545 551 673 654 illum
708 591 803 653 non
841 592 987 672 amat,
1022 560 1144 678 cujus

88 732 180 794 tam
230 691 371 794 muita
416 690 583 831 ingenii
630 701 853 830 animique
883 725 1144 803 ornamenta

86 870 246 932 omnes
278 869 428 933 amant
456 854 500 933 &
524 843 569 931 in
592 830 756 930 coelum
782 829 954 951 ferunt,
988 845 1023 933 is
1047 866 1145 930 non

87 1007 279 1094 meretur
313 1011 337 1071 a
371 1008 602 1112 quoquam
635 979 805 1087 amari,
843 1006 946 1071 cum
962 968 1071 1112 quid
1093 966 1147 1068 srt

88 1110 276 1209 amabile
298 1148 392 1210 non
411 1109 632 1247 intelligat.
702 1117 867 1243 Accipe
894 1120 1022 1246 igitur
1056 1106 1146 1208 hoc

94 1258 184 1350 mei
229 1260 276 1348 in
320 1285 362 1350 te
398 1258 557 1348 amoris
596 1267 641 1347 &
677 1249 954 1346 observantiae
990 1258 1147 1386 pignus

96 1394 319 1488 Lestiones
338 1385 577 1486 Hesiodeas
594 1398 855 1523 recognitas,
878 1409 923 1488 &
938 1426 1030 1487 non
1045 1422 1150 1522 pau·

93 1536 152 1625 cis
189 1523 494 1627 acceffionibus
530 1531 775 1646 auditionem
812 1562 948 1626 tenue·
965 1523 1149 1666 quidem

96 1663 289 1804 &quod
323 1664 510 1765 minime
544 1662 770 1802 respondet
804 1676 942 1764 animi
974 1678 1023 1765 in
1058 1698 1152 1802 gra·

97 1813 156 1902 ria
190 1802 416 1939 referenda
442 1799 624 1920 studio,
674 1801 746 1902 sed
782 1802 907 1945 quod
943 1803 1032 1905 hoc
1066 1841 1151 1903 na

97 1951 219 2041 mine
252 1982 375 2059 non,
395 1942 540 2041 'credo
562 2016 577 2059 ,
614 1939 928 2080 aspernandum
949 1945 1151 2080 putabis,

97 2078 253 2221 quod,
292 2120 398 2183 cum
434 2089 605 2206 majus,
650 2077 775 2220 quod
805 2084 916 2198 tibi,
961 2119 1010 2183 ut
1034 2117 1155 2183 nunc

97 2225 185 2336 est,
224 2218 427 2355 offerrem
449 2224 545 2320 non
566 2229 830 2339 invenirem,
866 2256 1080 2364 perquam
1094 2213 1158 2318 ef-

98 2356 201 2458 furae
214 2357 446 2460 voluntatis
464 2395 571 2461 mea:
587 2356 639 2461 srt
657 2397 1019 2461 monumentum.
1056 2373 1157 2467 Vo-

101 2495 317 2596 luntatem
365 2531 511 2598 autem
558 2496 722 2635 semper
754 2507 836 2599 viri
868 2499 978 2597 boni
1010 2510 1157 2637 potius

101 2634 318 2772 speciant,
354 2673 493 2776 quam
525 2637 763 2736 verborum
799 2635 1047 2755 honorem,
1083 2676 1160 2743 aut

104 2813 340 2876 munerum
396 2771 759 2914 magnitudinem.
826 2772 948 2875 'Huc
998 2777 1173 2892 accedit,

106 2915 232 3056 quod
266 2911 435 3014 nullam
470 2923 686 3015 rationem
709 2923 815 3015 inire
840 2919 1035 3055 qu'eam,
1107 2955 1162 3019 ua

109 3091 182 3186 tua
203 3065 355 3155 merita
374 3049 460 3154 srve
480 3064 708 3171 oratione,
753 3052 851 3154 licet
880 3055 1005 3153 essem
1036 2954 1161 3157 diier-

109 3188 325 3311 tiffimns,
376 3189 462 3293 five
494 3195 651 3309 rebus,
688 3191 788 3292 licet
821 3195 945 3293 essem
985 3192 1162 3296 adhoc

83 3364 272 3431 ‘munus
296 3328 627 3467 persolvendum
652 3332 708 3430 ab
728 3333 935 3432 omnibus
955 3329 1166 3457 facrdtati

112 3471 194 3570 bus
231 3467 572 3571 inssmfflffimus
595 3543 611 3586 ‚
669 3468 829 3607 poffrnr
871 3473 1039 3609 assequi.
1112 3474 1165 3572 ld

111 3644 286 3716 tantum
308 3607 440 3716 velim
461 3611 543 3709 tibi
567 3605 620 3708 fit
642 3605 1029 3743 persuafiffrmum‚
1066 3608 1166 3707 nul·

200 3749 204 3754 ’
628 3750 663 3825 *
705 3795 721 3870 3
1076 3744 1165 3847 lam
