2454 4252
128 180 212 275 ¹‘164
312 224 323 231 -.
422 168 566 242 D'nuj
612 167 935 242 Hntus11··

1204 228 1214 263 Ι

139 300 226 363 blica,
245 313 307 373 quac
319 293 352 353 ad
365 285 565 351 mandati
575 291 714 367 speciant.
732 292 833 369 partim
844 292 954 366 privata
966 306 1036 369 quas
1048 288 1083 349 ad
1095 282 1197 355 uniri&

114 403 117 409 ·
138 378 307 433 referuntur.
336 376 431 429 Priore
444 370 560 448 partein
573 370 700 429 dodirina
711 369 761 428 hac
774 367 956 445 consumpta,
969 371 1147 441 ducentis&
1157 372 1196 428 att-

140 464 211 530 qunt
224 450 342 509 versibus
356 446 492 525 precepta
505 448 603 521 primae
615 450 797 507 Oeconomiae
807 447 896 522 partis
906 445 1084 523 sequuntur.
1112 448 1148 505 Et
1157 464 1195 504 tn·

136 543 202 588 tem
216 529 255 585 est
267 525 451 605 Agricultura.
471 527 597 583 Primum
609 525 646 582 est
659 525 760 583 Arandi
774 539 899 597 tempus:
919 522 1082 583 secundum
1096 522 1192 583 modun

141 606 304 664 utiterum
318 595 576 666 dividitrtrniirbd,
595 599 697 679 iperii.
716 592 987 680 ignoti-naseins.
1020 604 1113 679 Hujus
1123 598 1194 660 reii-

141 701 210 741 nem
222 683 353 759 proponit
363 679 513 754 duplicem.
542 680 650 736 Primus
662 682 702 737 est
714 681 858 756 specialis,
876 682 908 737 ἃ
921 677 1022 737 rursus
1035 680 1072 738 ad
1084 680 1194 757 Agricui·

144 773 236 819 turam
248 758 370 833 spedaat:
392 756 462 815 alter
473 756 643 835 generalior,
662 762 690 817 bs
704 761 738 815 ad
751 757 977 814 Oeconomicen.
1008 757 1092 813 Prior
1102 758 1151 821 est,
1167 767 1193 811 ut

143 838 240 895 omnia
256 837 304 893 tiro
318 851 447 908 tempore
459 839 640 912 proveniant:
663 833 731 891 alter
749 850 781 891 ut
797 852 841 890 res
860 833 1013 891 familiaria
1033 832 1082 891 fiat
1093 834 1193 893 anuto.

143 916 274 992 Sequitur
291 926 461 991 pracceptum
480 913 703 970 oeconomicum
724 909 862 989 fimriique
876 912 1039 968 rusticum:
1060 914 1192 971 dedomo,

58 1008 62 1019 ·
116 991 119 1009 “
143 1004 178 1049 ut
189 991 292 1087 caniat:
310 992 345 1048 de
359 989 488 1055 muliere,
507 1005 540 1048 ut
551 988 650 1047 servet:
671 989 705 1045 de
717 986 804 1055 bove,
822 1002 855 1045 ut
864 986 991 1047 laboret,
1019 991 1056 1045 Se
1077 990 1144 1048 uitur
1155 988 1190 1057 ξι-

143 1063 263 1138 sabura,
282 1068 336 1126 site
350 1065 472 1143 lignatio,
493 1083 554 1144 quae
567 1070 679 1145 utrique
690 1065 812 1123 confert:
834 1067 1026 1141 Agriculturae
1039 1006 1077 1124 a]
1085 1082 1191 1125 annun

126 1162 129 1169 '
144 1151 174 1207 bt
186 1145 365 1203 instrumenta
378 1140 489 1203 similia}
511 1144 702 1202 Patrifamilias
715 1143 747 1200 ad
762 1140 917 1202 thalamum
933 1147 963 1202 δι
973 1143 1041 1203 alia.
1075 1147 1155 1221 Hujus
1166 1142 1193 1199 ii·

145 1224 288 1301 guntionis
299 1238 409 1296 tempus
419 1220 601 1297 distinguitur.
623 1226 700 1279 Hanc
713 1219 836 1299 sequitur
848 1220 1031 1355 praescriftio
1043 1221 1081 1278 de
1092 1236 1192 1279 numero

128 1326 132 1331 ·
144 1318 298 1360 aratrorum
311 1339 318 1359 .
336 1301 374 1355 de
389 1316 509 1357 numero
522 1301 553 1358 ’ὃς
565 1311 644 1357 aetate
656 1299 740 1356 boum
753 1335 762 1359 ‚
789 1299 901 1375 quando
919 1315 955 1374 pt
968 1316 1040 1357 cere
1051 1301 1082 1358 dt
1095 1302 1122 1356 in
1132 1315 1191 1355 orn·

144 1395 215 1454 pum
234 1380 368 1437 deducere
380 1390 517 1450 oporteat·
551 1380 626 1433 Tum
642 1374 678 1432 de
688 1375 752 1439 his.
771 1376 806 1433 de
820 1376 1043 1441 instrumentis,
1061 1380 1098 1436 de
1109 1392 1188 1438 mm·

126 1476 129 1481 ·
146 1459 176 1513 dt
189 1454 248 1513 aliis
261 1456 461 1527 comparandis.
486 1452 619 1512 Posthac.
639 1453 924 1528 quandniutertenda
938 1452 971 1510 fit
983 1468 1080 1515 terras
1098 1452 1190 1530 quon

144 1533 267 1591 iteranda
274 1555 284 1599 t
310 1549 367 1608 quo
379 1533 465 1591 modo
476 1533 504 1591 δι
518 1530 615 1607 quibus
626 1530 684 1588 Diis
696 1527 907 1606 supplicandum
914 1550 924 1593 r
941 1530 976 1587 de
988 1531 1138 1608 abigendis
1146 1531 1191 1589 ari·

144 1606 204 1666 bus.
238 1610 293 1666 Hic
310 1610 412 1667 itemm
432 1605 728 1700 genemles'sententiae
739 1608 773 1695 de
784 1605 876 1664 labore
888 1609 918 1665 bn
930 1606 1071 1696 industria
1082 1608 1192 1667 infernu-

128 1699 310 1822 'tuitii
322 1684 1190 1838 it?timiditatis&iiiimxiiii

143 1839 279 1914 pestutum
295 1838 443 1896 rationem.
480 1841 515 1894 n‘t
534 1840 664 1916 quoniam
684 1839 752 1897 nihii
769 1836 897 1897 homines
916 1838 1007 1916 magis
1024 1838 1189 1898 effoetniutrt

145 1915 346 1973 eristimabnur
358 1915 441 1992 quim
455 1913 542 1991 ignis.
562 1920 609 1992 qui
619 1918 747 1985 βαναύσων
760 1929 818 1972 erat
831 1917 974 1992 proprius.
996 1917 1034 1975 ad
1045 1919 1189 1994 quosocio·

84 2000 89 2021 ¹
143 1992 306 2052 fihomines
317 1993 460 2050 continere
473 1991 614 2059 solebant,
637 1995 705 2053 sicut
722 1994 771 2051 suo
789 1991 854 2052 loto
871 1996 900 2051 in
914 1995 1004 2053 Notis
1016 1996 1188 2055 ostendimus:

144 2082 248 2128 monet
267 2068 388 2131 Persen,
417 2084 448 2128 ut
464 2069 587 2128 tabernas
604 2068 761 2148 hujusmodi
782 2069 904 2145 &nixas
923 2071 1032 2148 hyeme
1042 2088 1189 2148 praeterear·

145 2142 295 2224 petitisque
309 2147 343 2203 de
356 2147 512 2207 domesticis
525 2149 649 2226 cogitet:
670 2166 705 2205 ne
716 2151 744 2207 bt
758 2162 919 2223 paupertate
931 2148 1014 2208 timul
1024 2151 1187 2209 obruatur&

130 2224 260 2300 -frigorn
294 2225 424 2292 Quorum
442 2226 559 2282 alterum
581 2221 600 2285 ξ’
619 2221 781 2301 munnio,
800 2224 921 2283 alterum
941 2220 1129 2301 §ianuariis
1147 2228 1188 2284 ei.

145 2301 189 2361 lbi
202 2316 263 2359 tum
276 2302 408 2366 ostendit,
427 2301 496 2359 nihii
508 2303 607 2379 agendi
618 2301 703 2360 tinem
716 2302 769 2360 eise
782 2301 1009 2376 improbitatem,
1020 2307 1049 2363 dt
1059 2322 1129 2362 artes
1140 2322 1187 2362 non

131 2378 247 2437 bonas,
264 2378 416 2456 mone'tque
427 2380 513 2438 aestnte
525 2382 561 2438 de
572 2379 687 2456 hyeme,
707 2378 797 2457 de'que
808 2370 973 2457 ωιάοοπιῐξι,
993 2380 1150 2461 prinsqnim
1159 2381 1186 2438 ab

144 2455 255 2531 hyemis
268 2455 399 2514 violentia
411 2458 604 2532 praeveniatur,
620 2455 807 2531 patrifamilias
819 2457 872 2513 effe
883 2477 921 2515 co
948 2460 1084 2519 'tandum
1104 2458 1187 2538 Sequi*

137 2546 192 2590 -tur
203 2534 340 2591 luculenta
354 2532 476 2612 hyemis,
490 2537 588 2609 &ejus
601 2533 862 2592 incommoditatum
874 2475 1050 2611 deiiiiptior
1069 2538 1185 2614 cujusin·

133 2611 218 2686 ‚juria
240 2611 382 2688 quomodo
399 2615 432 2670 stt
450 2611 629 2686 propulsanda
637 2630 647 2665 ·:
675 2614 818 2686 quomodo
834 2615 1030 2685 praerertenda
1048 2615 1183 2688 srtpiusit:

144 2706 207 2765 quae
218 2690 289 2745 ratio
301 2691 490 2745 oeconomica
500 2688 608 2765 hyemis
618 2702 759 2765 ternpore.
779 2703 894 2765 propter
908 2689 1078 2767 inaequalem
1090 2692 1185 2750 divitr-

132 2782 213 2821 -nem
229 2761 400 2838 §anxiantis
413 2765 528 2821 incunda
540 2768 571 2824 srt
584 2803 592 2824 ,
615 2765 648 2822 nd
661 2766 733 2823 veris
744 2764 995 2843 usquendventum
1010 2768 1181 2847 potissimitu,

144 2842 323 2901 demonstrat.
359 2844 478 2911 Quando
499 2847 551 2900 tint
569 2844 694 2918 putandae
712 2845 800 2907 vites,
821 2845 933 2920 quando
952 2849 1088 2907 acuenda
1105 2846 1181 2905 falces.

146 2922 247 2977 AEflate
259 2920 317 2978 duo
327 2917 459 2997 fugienda
469 2921 522 2977 effe
530 2942 540 2985 ‚·
558 2938 638 2977 manc
651 2919 780 2977 somnum
794 2922 821 2976 in
835 2921 922 2983 lector
934 2925 1132 2997 pomeridisnis
1142 2927 1183 2981 no·

144 2996 230 3053 risio
249 2996 355 3054 umbra.
383 2999 511 3070 Qorum
529 2994 740 3065 alterum'mim
759 2996 861 3058 ἐπ’νῖιῖ,
881 2998 1004 3059 aiterum
1018 2996 1183 3078 θόαςωρδς

146 3088 238 3132 vocat.
271 3081 359 3150 Agna:
372 3076 482 3152 quando
494 3075 674 3150 pinguissiniae
689 3092 695 3126 :
715 3077 811 3131 vinum
824 3075 936 3152 quando
946 3080 1182 3152 praeihntiffitnuru

137 3151 195 3208 -fitz
211 3168 331 3227 quorum
347 3167 498 3230 utrumque
508 3153 561 3215 est,
581 3149 645 3209 cirus
661 3152 774 3209 carduus
785 3154 875 3211 viret,
896 3154 992 3212 cicada
1006 3159 1091 3215 canit.
1114 3160 1182 3229 Quz·

91 3246 94 3251 ’
148 3246 213 3285 nani
233 3229 301 3284 ratio
318 3229 348 3284 iu
366 3229 460 3289 vitiu,
481 3249 540 3306 quae
557 3230 586 3286 in
599 3230 656 3285 vini
670 3230 805 3286 mixtione
816 3229 850 3287 fit
861 3227 1010 3293 habenda.
1032 3238 1070 3293 de
1082 3253 1131 3315 qua
1141 3234 1180 3291 but

146 3303 289 3361 occasione
307 3304 390 3362 tradit
409 3321 588 3381 praeceptum.
622 3308 742 3377 Quando
753 3309 1008 3374 triturandumsssrt,
1028 3331 1087 3390 qua
1099 3316 1126 3370 in
1134 3326 1182 3369 asts

145 3384 177 3439 &
191 3381 267 3438 solo:
288 3383 432 3458 quomodo
445 3386 472 3438 &
487 3385 598 3458 quando
615 3384 689 3440 intus
704 3387 903 3460 reponendum.
936 3386 1018 3454 Quid
1034 3388 1180 3449 definiris,

145 3456 260 3520 ancilla,
271 3463 298 3515 dr
311 3457 419 3516 custode
429 3476 496 3515 cane
509 3459 707 3518 observandum
722 3464 765 3521 fit:
787 3462 851 3538 quid
862 3463 897 3517 de
909 3465 1016 3534 pateis:
1033 3469 1140 3544 qnando
1151 3465 1181 3521 ia-

148 3535 232 3590 muiis
243 3536 406 3593 cessandum.
433 3538 588 3594 Autumnus
598 3537 728 3614 sequitur.
752 3538 869 3610 Quando
881 3542 909 3597 bt
924 3558 985 3617 qino
997 3560 1127 3621 tempore
1136 3561 1182 3600 uta

143 3613 308 3682 carpendas,
328 3612 460 3690 quamdiu
477 3612 526 3669 soli
545 3619 735 3690 exponendae,
761 3618 871 3694 quando
888 3618 918 3672 in
937 3617 1014 3678 labra
1036 3620 1183 3701 colligenda

146 3691 238 3767 Atque
250 3691 287 3749 ita
297 3691 398 3769 prioris
411 3693 589 3787 oeconomias
601 3709 664 3768 pars
676 3711 741 3775 curu
751 3714 824 3754 anno
838 3691 965 3755 absoluto
975 3696 1182 3831 absolvitnnhlr

58 3787 63 3793 '
616 3820 619 3825 -
1152 3789 1182 3833 22
